4080 5440
748 480 1541 593 preuz n estoit acompaigniez a cels
729 571 1564 675 de la table reonde; deuant qe par les
720 643 1559 762 compaignons meesmes ou par lo-
734 752 1573 852 roi fust sa proece coneue. Mes souẽt
729 834 1545 935 auenot qe qͣnt uns cħrs estoit tes-
720 910 1554 1015 moigniez de proece par autres genz;
716 983 1591 1110 ⁊ a la roine estoit bele sa compaignie;
716 1083 1545 1205 qe ele le retenoit de sa mesniee tant
720 1171 1523 1287 que il fust esprouez de gͣnt proece.
806 1251 1133 1360 n tel maniere
812 1332 1536 1423 fu retenuz a cort premieremẽt
707 1419 1514 1532 segramors li desreez. Mout fu liez
702 1496 1550 1600 hestors de la retenance la reine. ⁊ ele
702 1577 1509 1686 meesmes le mena au cħr qui le braz
706 1672 1514 1772 auoit bruisie; por sauoir en qel leu
702 1745 1536 1858 il auoit troue le cheuał. Et il li dist
698 1827 1532 1926 que il l auoit troue outre la riuie-
698 1907 1505 2012 re de sauerne; es landes de breqehan.
698 1972 1496 2094 ce est la forest qui est entre la duchee
689 2067 1523 2180 de cambenic ⁊ le roiaume de norgales.
702 2148 1496 2280 Et qͣnt hestors l ot si set tantost bien
689 2239 1500 2343 ou ce est. car mainte foiz en auoit oi
698 2312 1505 2429 parler. mes il n i fu onqes. Atant se
693 2398 1464 2516 part hestors de la cort entre none
680 2484 1505 2602 ⁊ uespres. si fu a un marsdi a soir. si
689 2574 1468 2683 entre en sa qeste. ⁊ uet au plus droit
684 2647 1509 2765 que il fet en la terre de norgales. si se
684 2733 1527 2846 test ore li contes de lui ici endroit ⁊ de
689 2815 1482 2937 ses oeures. ⁊ retorne a parler de la roi-
702 2905 1196 3019 ne ⁊ de sa compaignie.
1024 2997 1474 3105 R dit li contes qe qͣnt
1010 3055 1509 3191 hestors se fu partiz de
1015 3150 1473 3273 cort si uint la reine
1013 3232 1486 3354 arriere au cħr blecie;
1006 3322 1477 3440 si le fist desarmer a
670 3405 1482 3526 molt gͣnt paine. ⁊ trop li grieue. qͣr
670 3495 1464 3604 il se pasma dous foiz; ancois que li
675 3567 1491 3685 haubers li fust mis hors del dos. ⁊ ele
670 3658 1514 3762 le fist aesier a son pooir. ⁊ l escu que
661 3740 1491 3862 La damoisele auoit aporte fist penð
670 3835 1496 3948 en sa chambre si que toz iors le ueoit.
666 3903 1473 4025 car molt se delitoit en lui regarder.
661 4002 1455 4120 ne onqes puis n ala nul leu que il
675 4089 1446 4206 ne fust portez deuant li. ⁊ penduz
680 4170 1437 4324 en sa chambre toz iorz. iusq a cele
643 1252 814 1432 E
636 2987 956 3420 O
1695 466 2457 621 hore que il fu reioinz par l auen
1690 575 2448 707 ture que cist contes deuisera ca a
1690 657 2452 793 uant. Et lors s em parti la pucele
1690 743 2443 884 qui aporte l auoit qe plus ne la pot
1690 838 2438 952 la reine retenir. Apres ala la roine
1695 924 2438 1038 ueoir l amie hestor por conforter
1686 997 2488 1119 la. Et cele li dit si tost come ele la uo-
1700 1088 2470 1205 it qe einsi poist ele estre liee de la riẽ
1695 1174 2434 1296 del monde qe ele auoit plus chiere;
1686 1255 2420 1373 einz qe ele moreust de mort; come
1686 1337 2457 1459 ele estoit de celi qe ele plus amoit.
1681 1414 2484 1532 si en fu la reine mout effree. ⁊ puis
1677 1500 2506 1618 fu il tele hore q ele nel uousist auo-
1677 1591 2425 1704 ir fet por nule rien. car ne demora
1681 1677 2448 1790 mie gͣnment qe ele en fu autretãt
1672 1762 2475 1863 corrociee ou plus. A lendemain en
1681 1840 2452 1944 droit tierce qe hestors s en fu alez
1672 1922 2506 2026 fu appareilliee la dame de rohestoc por
1672 1994 2475 2112 raler s en en son pais. si estoit uenue
1668 2076 2461 2198 prendre congie au roi ⁊ a la roine. ⁊
1668 2162 2438 2275 le seneschax auoit laissie a la roine le
1668 2252 2420 2361 cheualier blecie par sa priere tant
1668 2330 2461 2448 que il fust gueriz ⁊ respassez. par si
1659 2411 2416 2520 que il iroit apres a lui. si auoient
1668 2488 2443 2615 molt gͣnt force mise entre lo roi ⁊ la
1659 2574 2457 2692 roine en la dame retenir une piece.
1650 2661 2438 2778 mes ne pot estre. car trop auoit gͣnt
1650 2738 2402 2851 duel. si li enuioient molt les genz
1645 2819 2429 2937 a ueoir Einsi prist la dame cõgie
1645 2905 2416 3023 del roi ⁊ de la roine. mes tant pͥerent la
1650 3002 2411 3105 niece au nain entre la reine ⁊ la da
1650 3078 2429 3191 me de maloaut que ele se remest a
1645 3159 2429 3286 uec eles por oir noueles d estor qe tote
1654 3250 2438 3363 ior uenoient auentures ⁊ noueles a la
1647 3332 2448 3449 cort. si i trouera plus solaz ⁊ compai
1650 3424 2008 3526 gnie que aillors.
1604 3512 1737 3658 A
1722 3499 2402 3613 U congie qe la dame de rohestoc
1754 3585 2434 3703 prenoit a la reine; si entra laiẽz
1636 3675 2452 3780 uns uallez un escu a son col qui n es-
1650 3758 2411 3866 toit mie toz entiers. car il i auoit
1645 3835 2398 3948 gͣnz pertuis de grosses lances ⁊ desoz
1641 3916 2407 4030 la bocle ⁊ desus. ⁊ li estoit de cox d es-
1641 4007 2402 4120 pee decoupez ⁊ detrenchiez es costez
1641 4093 2443 4211 ⁊ en la penne amont. tant qe il en
1632 4170 2402 4320 i auoit bien mains la tierce part
3390 430 3540 589 230
2606 367 3368 657 que il n auoit eu a l ore qe il fu fres
2611 607 3377 738 ⁊ noueax. mes neporͣnt del teint
2611 695 3359 825 i paroit encore bien tant qe l en le
2611 779 3345 902 pooit encore bien conoistre. si estoit
2597 860 3359 965 d or li chans de l escu a un lion de sino
2606 938 3359 1056 ple. Li uallez demande noueles de
2593 1015 3350 1128 la dame de rohestoc. tant qe auec
2597 1092 3372 1214 la reine li fu enseigniee. Et il des-
2597 1183 3372 1305 cendie si uint tot droit es chãbres.
2588 1273 3363 1391 Et qͣnt li seneschax a la dame ⁊ li na
2597 1367 3400 1479 ins le uirent; si distrent. Esgardez
2597 1446 3414 1550 dame. uez ci l escu a ur̃e cħr que hes-
2597 1531 3381 1650 tors uet querre. Et qͣnt ele l ot si li
2593 1595 3341 1713 fuit toz li sans. si s asiet car ele ne
2593 1672 3350 1804 se puet plus sostenir. Et qͣnt li
2606 1780 3402 1872 uallez aproche; si n i a nul de la mes-
2606 1849 3386 1953 niees a la dame qui bien nel cono-
2597 1926 3381 2044 isse. si li corent encontre ⁊ li fõt gͣnt
2597 2012 3395 2126 ioie. ⁊ il demande laquele est la roine.
2584 2094 3377 2203 ⁊ l en li mostre. Li uallez uient deuãt
2588 2181 3372 2293 li si oste l escu de son col ⁊ s agenouille
2579 2256 3382 2366 Et la roine dit en non deu cest escu
2574 2330 3332 2443 cuidasse ge bien conoistre s il ne
2588 2417 3354 2525 fust si empiriez. Dame fet li ual
2584 2493 3372 2611 lez ge uos aport noueles de monse-
2588 2570 3368 2697 ignor Gau. mout boenes. car il est
2584 2670 3327 2774 toz seins ⁊ haitiez. ⁊ la reine ne li-
2497 2751 3363 2869 laissier uolt plus dire. ainz prent l escu si le
2584 2837 3336 2942 bese ⁊ embrace. ⁊ en fet autretel
2584 2922 3385 3028 ioie come ele feist de celui qͥ le portoit;
2574 2996 3350 3109 Et li uallez dit a la dame de rohes-
2579 3082 3350 3191 toc. Dame missires uos salue hela
2579 3174 3336 3286 ins de taningues. si uos mande q̃
2574 3256 3327 3363 tant l auez semons d estre cħrs; que
2579 3341 3341 3445 ore l est deu merci par la mein mon
2579 3413 3345 3517 seignor Gau. ⁊ sachiez que ce fu mes-
2570 3501 3304 3608 sires Gau. qui urẽ bataille fist. Et
2561 3576 3313 3694 qͣnt ele ot que ce fus messires Gau; si
2565 3667 3345 3771 n est nule grͣnt dolors que ele n ẽ sen
2556 3741 3363 3871 te. ⁊ dit qe se dex li ait ele n aura iames
2565 3835 3322 3944 ioie. Lors demande au uallet ꝰmẽt
2561 3912 3345 4030 ce fu. ⁊ cil l en conte la uerite. ⁊ ueez
2561 4002 3322 4120 ci fet il son escu, ⁊ totes ses armes
2570 4084 3345 4206 sont monseignor remeses. ⁊ il em
2565 4179 3336 4306 porte les monseignor. Tant est la
