4080 5440
748 317 1541 557 pais. franche roine ⁊ ge seroie morz si
729 521 1577 639 uos requier por deu qe uos iurerez conse-
725 616 1554 729 ill. car toteuoie sui ge gentils hom cõ-
725 707 1545 838 ment que ge soi de cors petiz. Et la
725 797 1527 929 roine dit que si fera ele. ⁊ n aiez garde
720 884 1496 1010 fet ele. car ge ferai tant se ge puis qe
725 965 1514 1088 uos seroiz deliures ainz que uostre
716 1047 1518 1178 dame s en aille de cest pais. Dame fet
716 1128 1514 1264 il gͣnz merciz. Atant s en reuont a
720 1219 1536 1346 l ostel entre lui ⁊ le seneschal. Et len
711 1301 1545 1428 demain reuient la dame ueoir lo roi
702 1391 1491 1509 ⁊ la roine si parolent ensemble młt
716 1479 1518 1586 longuement. Et la reine demande
707 1554 1518 1677 a la dame un don. ⁊ ele li otroie. Uos
702 1638 1564 1740 m auez done fet la roine que uos par-
707 1709 1464 1845 donroiz au naiñ urẽ mautalent.
825 1795 1382 1913 ame fet ele ge ne he pas
820 1876 1509 2017 le nain por lui solement. mais il
702 1962 1514 2089 a caienz une pucele qui est sa niece
689 2053 1545 2166 ⁊ ma cosine. si li priai a mon gͣnt beso-
702 2139 1464 2253 ig. qe ele laissast combatre por moi
698 2229 1509 2343 cel cħ la qui ses amis est. Et ele dist
702 2314 1482 2429 que ele renoieroit ancois deu. si la
702 2389 1496 2506 cuidoie tant esmaier; que ele enuoi
693 2475 1500 2593 ast son ami querre le cħr por son on
689 2558 1532 2670 cle deliurer. car ge la corroceroie uo-
698 2629 1541 2747 lentiers de la riens que ele plus aĩme.
698 2715 1514 2833 En non deu fet la roine se ele de ce falt
693 2797 1509 2919 son oncle; donc n est il riens qui hair
689 2883 1527 3014 ne la deust. Lors apele la roine le naĩ
689 2977 1523 3078 si li dit. Nains fet ele i ai porchasciee
698 3064 1491 3177 ur̃e deliurance se ur̃e niece uelt tant
689 3141 1514 3259 fere por uos qe ele enuoit son ami qer-
689 3227 1491 3350 re le cħr qui segurades conquist. ne
670 3313 1509 3427 autre pes n i puis trouer. Certes da
684 3400 1482 3517 me fet li nains ge ne cuit qe ele ia
680 3472 1509 3594 le face. mes totesuoies l essaierai gie.
680 3554 1459 3681 Lors uient  li nains a sa niece si li dit.
675 3635 1532 3776 Bele niec ge sui morz se uos ne me pres-
684 3735 1477 3848 tez hestor por aler querre le cħr qui
680 3812 1514 3934 segurades conqͥst. Ou se ce non ma
666 3894 1514 4011 dame me merra apres li si come ele
689 3980 1482 4098 a acostume. ⁊ ele dit que ia dex ne li
684 4070 1514 4198 ait qͣnt hestors i ira part son ꝯman
679 4165 1514 4306 dement ne par son lox. Et qͣnt li naĩs
1690 380 2470 584 l entent si a si gͣnt peor que par un
1686 534 2452 680 pour qe il ne se pasme. ⁊ uient a la
1686 625 2443 757 reine si li conte que nul conseil n i
1690 716 2484 847 puet trouer. Dame fet cele de rohes-
1681 806 2452 920 toc gel sauoie bien c est la plus del
1681 888 2470 1020 laial riens qui uiue. Or ne uos chate
1684 983 2466 1110 fet la reine car ge li ferai sa felonie
1686 1069 2461 1183 comparer. Lors li dit la roine a cõseil.
1690 1160 2425 1264 uos ne uos mouroiz demain. ⁊ en
1686 1233 2420 1350 qenuit diroiz a urẽ mesniee que
1677 1320 2438 1428 molt uos ai p◌̾ee de remanoir. mes
1681 1396 2443 1523 uos ne remandriez por nule rien.
1672 1486 2461 1600 ⁊ demain qͣnt uos seroiz ci si proie-
1681 1577 2420 1686 rai a la damoisele que ele uos prit
1668 1645 2438 1763 de remanoir. ⁊ ge la deceurai si bele-
1676 1722 2207 1845 ment come uos uerroiz.
1804 1813 2425 1935 tant s en reuet la dame a son
1808 1899 2466 2017 ostel. ⁊ dit la nuit a sa mesniee
1668 1988 2431 2094 si come la roine li auoit dit. mes
1677 2058 2448 2176 ge ne remandroie mie fet ele. Len
1672 2153 2466 2271 demain reuient a cort. Et la roine
1668 2225 2411 2348 la reprie de remanoir oiant tote
1677 2316 2443 2434 sa gent. mes ele dit que ce ne poet
1668 2393 2443 2506 estre. Atant se lieuent totes ⁊ uõt
1672 2479 2457 2602 lo roi ueoir. Et li rois lor saut a l en
1672 2571 2443 2674 contre si prent la dame de rohestoc
1672 2642 2420 2765 par la main. Et la roine prent l a
1672 2733 2457 2842 mie hestor si li dit. se uos ne m aidi
1672 2806 2425 2933 ez fet ele ur̃e dame a engignier;
1659 2887 2448 3014 ge ne uos amere iames. Dame fet
1668 2982 2434 3091 ele coment. Ele m a requise fet la
1668 3055 2438 3186 roine que ge ne la pri por le naĩ
1659 3146 2411 3268 mes si ferai. ⁊ ele cuidera que ge
1659 3223 2407 3345 la pri de remanoir. ⁊ ele m a dit
1663 3313 2434 3436 que ele ne remandroit pas se uos
1668 3406 2416 3526 ne remaniez. ⁊ se ge uos demant
1663 3481 2448 3599 un don si le m otroiez. ⁊ ele l otroiera
1663 3576 2443 3676 apres. car ele cuidera que ge la pri
1654 3635 2434 3767 de remanoir. mes ge ferai tant q̃
1654 3734 2416 3853 li nains sera deliures ce sachiez.
1790 3817 2248 3939 a; dame fet la pucele
1794 3889 2431 4021 come auez ore bien dit. Atã̃t
1663 3979 2443 4102 se uont asseoir. ⁊ lors dit la roine a
1654 4066 2448 4193 la dame que ele li doinst un don. Et
1659 4166 2434 4306 ele li respont. dame ne me deman
3386 430 3558 589 228
2611 466 3381 630 dez pas outrage. car ueez ci une da
2597 575 3383 716 moisele qͥ molt a afere en son pais.
2593 666 3336 784 Ne uos esmaiez mie fet la roine
2597 748 3368 879 car uos ne sauez qe ge uoil dire. Et
2597 834 3350 956 la dame dit que ele l otroiera se la
2602 915 3363 1029 damoisele l otroie auant. Et la roi
2597 1007 3368 1124 ne le fet otroier a la damoisele. ⁊ a la
2593 1074 3363 1192 dame apres. ⁊ puis em prent la foz
2593 1161 3341 1273 de l une ⁊ de l autre. Sauez uos fet la
2588 1237 3345 1360 roine a la dame de rohestoc que uos
2597 1329 3390 1450 m auez otroie; uos m auez otroie q̃
2593 1409 3390 1523 li nains est deliures uers uos de mal-
2602 1496 3359 1609 talent ⁊ de haine. ⁊ de qͣnqe uos li de
2602 1577 3377 1695 mandez por le cħr qͥ segurades cõquist.
2597 1667 3363 1781 Et uos fet ele a la damoisele m auez
2597 1745 3377 1849 creante que uos prieroiz hestor qe
2597 1826 3387 1944 il aille qerre le cħr tant qu il le truisse
2579 1904 3114 2012 ⁊ tant feroiz que il i era.
2720 1981 3368 2094 ant la damoise l ot si est si es-
2706 2067 3390 2189 bahie que ele ne puet mot dire
2588 2157 3359 2275 d une gͣnt piece. mes tuit cil qui
2597 2234 3345 2357 oirent ce qe la roine dist en furent
2584 2316 3354 2438 molt lie. mes la dame de rohestoc
2602 2407 3395 2529 en est liee sor toz. Et qͣnt la damoi
2588 2479 3390 2606 sele pot parler si dist. ha; dame roi-
2588 2570 3372 2688 ne fet ele. certes il n a pas tant de bi
2593 2647 3345 2765 en en uos come l en tesmoigne; ⁊
2602 2733 3372 2846 molt auez ore pou gaaignie en une
2588 2810 3386 2928 pucele deceuoir. ⁊ ne porqͣnt deceue
2597 2892 3354 3010 ne m auez uos mie. car au ior ne
2593 2973 3368 3091 m ait ia de qͣnt ge li prierai que il
2597 3073 3359 3182 i aille. ne par les sainz de cele chapele
2579 3155 3363 3264 laienz se nul en i a; ia par moi n en
2579 3223 3372 3350 sera proiez. ancois me leroie tote des-
2584 3318 3381 3431 membrer. Certes fet la roine ge le
2584 3413 3336 3517 croi bien. donc ne seriez uos pas
2584 3481 3354 3594 niece au nain. se uos n estiez plus
2570 3563 3359 3676 felenesse q autre feme. ⁊ sachiez bi
2584 3644 3350 3753 en que el pooir monseignor lo roi
2570 3717 3350 3844 ne en celui a ceste dame qui ci est;
2579 3808 3390 3930 ne tendroiz uos iames terre deuãt
2574 3898 3368 4021 ce que cist couenz soit aquitez. Da
2584 3989 3332 4111 me fet ele ge n em puis mes. donc
2579 4075 3368 4179 n en serai ge iamais tenanz. car ce
2579 4152 3345 4315 sera afere au ior del iuise; Gardez
634 1807 794 2011 D
1654 1826 1796 1987 A
1604 3726 1768 4098 H
2540 1979 2683 2193 Q
