4080 5440
720 453 1541 580 gueres. car molt lor tarde a oir noue-
720 530 1527 648 les del preudome qu il desirrent. ⁊ segu
716 612 1500 738 rades le desirre plus a ueoir qe tuit
716 693 1509 816 li autre. Lendemain muet la dame
716 788 1541 911 sanz plus atendre; a gͣnt compaignie
707 876 1500 988 de gent. ⁊ enquiert noueles del cħr
711 952 1527 1069 par toz les leus ou ele uient. Mes
707 1038 1518 1156 ci endroit se test li contes de li ⁊ de sa
700 1128 1518 1246 compaignie; ⁊ retorne a parler de
711 1214 1115 1319 monseignor Gau
578 1308 997 1734 O
1038 1292 1500 1414 R dit li contes qe en
1020 1373 1527 1491 tre monseignor Gau
1038 1437 1482 1568 ⁊ le uallet qui l en
1010 1532 1514 1654 maine sont a l ostel
1029 1618 1518 1718 uenu. si le desarme
698 1672 1505 1804 li uallez. ⁊ aese de totes les choses
696 1777 1496 1894 que il couient a cħr las ⁊ naure. Li
698 1867 1491 1981 uallez ot une soe seror molt bele qͥ
693 1949 1505 2067 pucele estoit. si sauoit de plaies
693 2049 1500 2153 guerir autretant come totes ce-
693 2121 1523 2248 les del monde. si regarda les plaies
689 2216 1509 2330 monseignor Gau. mout dolcemẽt.
684 2298 1520 2408 ⁊ dist qu il n auoit plaie qͥ legiere
689 2391 1553 2502 a guerir ne fust. si les li atorne si biẽ
689 2457 1473 2570 ⁊ si bel qe molt l asoage. Et qant
698 2547 1477 2665 uint apres soper. li uallez mist
689 2620 1455 2742 son oste a raison ⁊ dist. Sire fet il
680 2706 1509 2824 ge sui molt liez de ce qe dex uos a do-
689 2792 1548 2905 ne caienz herbergier. car uos estes
684 2865 1491 3001 li plus preudom de toz les autres.
689 2964 1505 3087 si uos proieroie por deu qe uos me
684 3050 1518 3168 conseilliez d un mien afere. car ge
684 3143 1513 3259 sui gͣnz uallez ⁊ riches. si me blas-
693 3214 1505 3332 me mes lingnages de ce que ge ne
684 3300 1464 3431 sui cħrs. Et madame de rohestoc
689 3400 1468 3513 meesme m en blasme molt cui
684 3496 1492 3599 hom ge sui. ⁊ il m auint plus a
670 3558 1477 3676 de doze ans que ge me gesoie en
689 3640 1509 3762 mon lit. si uint deuant moi uns
680 3730 1464 3839 cħrs ce me fu auis li plus biaus
675 3821 1482 3944 del monde. si me prenoit ꝑ le nes.
675 3907 1496 4021 ⁊ ge li disoie. Ha; sire cħrs come a
684 3984 1500 4101 uez ore fet gͣnt uasselage qui uos
684 4066 1491 4188 prenez a un enfant. Et il me di
680 4157 1486 4320 soit or ne uos chaut. qe certes ge
1686 426 2448 575 le uos amenderai molt haute-
1690 548 2429 670 ment. car ge uos ferai cheuał
1677 625 2470 761 Et ge li disoie: qui iestes uos sire
1686 716 2425 843 qui cħr me feroiz. Ie sui fist il
1668 818 2282 920 Gau. li nies lo roi artur.
1632 885 1783 1065 H
1795 884 2438 992 a; sire fesoie ge uos soiez li
1817 970 2438 1083 bien uenuz. Atant m es-
1681 1051 2461 1178 ueillai. si le dis a ma mere qͥ en
1690 1137 2457 1264 core uiuoit. Et ele en fu molt
1686 1219 2475 1328 liee. si me fist creanter qe ge ne
1677 1301 2473 1414 seroie cħrs se messires Gau. nel
1677 1373 2434 1496 me faisoit estre. ⁊ i ai puis este
1672 1459 2457 1586 a la cort lo roi artur par cinc fo-
1677 1541 2425 1668 iees; onqes trouer ne li poi. ne
1672 1627 2434 1740 encore n a pas plus de tierz ior
1672 1700 2434 1822 q̃ ge en uing. si me dist l en qe
1677 1795 2420 1913 il queroit un merueillox cħr
1672 1867 2438 1990 soi uintisme de compaignons.
1668 1962 2488 2089 ne ge ne puis auoir respit de ma
1672 2044 2475 2176 dame que ge ne soie cħrs. si uos pͥ-
1672 2126 2479 2257 eroie por deu q̃ uos me feissiez cħr.
1672 2225 2448 2352 car a plus preudome de uos ne
1668 2312 2457 2402 m en porroie ge mie complain
1659 2405 2449 2511 dre. Et messires Gau. respont q̃
1659 2470 2420 2588 si fera il molt uolentiers. mais
1663 2561 2457 2665 uos iestes fet messires Gauueins
1654 2633 2466 2742 riches hom. si cuit q̃ uos ne seriez
1663 2715 2448 2833 mie cħrs en si gͣnt haste; ne ge ne
1659 2797 2420 2919 demoreroie ci por nule rien tant
1659 2883 2402 3005 qe ge fusse caienz seuz. car ge ai
1659 2973 2434 3100 mout gͣnt afere empris por coi il
1663 3064 2416 3177 me couient haster. Si m ait dex
1663 3146 2420 3264 sire fet il ge ne demant ꝯpagnie
1654 3232 2434 3345 autre de uos. ⁊ nos auons caienz
1654 3313 2429 3436 qanqu il est mestiers. la chapele.
1659 3404 2420 3522 ⁊ le chapelain. ⁊ armeures totes
1659 3486 2438 3604 fresches. si me sera plus gͣnz con
1663 3567 2452 3681 forz ce que uos m auroiz fet cħr;
1659 3662 2452 3776 q̃ se ge l estoie par un autre outre
1654 3740 2488 3853 mon cuer. car de ur̃e main ne por-
1659 3830 2452 3939 roit nus colee receuoir qui preu
1645 3917 2457 4030 dom ne fust. Or soit dons fet mes-
1663 3993 2448 4111 sires Gau. el non de deu le matinet.
1654 4070 2429 4202 car aillors m en couient aler. Lors
1654 4170 2416 4311 comande le uallet aler ueillier.
3363 462 3536 589 227
2593 317 3341 625 Et cil li fist qui molt a gͣnt ioie
2597 579 3359 707 de l enor qe dex li a donee ⁊ enuoiee
2602 648 2946 775 si prestement.
2543 720 2733 940 L
2749 767 3359 874 a nuit fu messires Gauueĩs
2751 823 3345 961 herbergiez si bien come lui
2597 933 3372 1024 plot. car tant fu la uaillant pu
2593 988 3363 1124 cele deuant son lit que il fu en
2588 1069 3363 1214 dormiz. ⁊ qͣnt uint au matin si
2588 1151 3309 1287 fu si alegier de ses plaies ⁊ de ses
2593 1233 3352 1369 bleceures; que nule n en cuidast
2593 1323 3322 1441 auoit se eles ne pareussent. si le-
2597 1400 3381 1523 ua si matin come il uit le ior. Et
2597 1477 3336 1604 la pucele fu tote apareilliee qͥ de
2602 1554 3409 1695 trop riche oingnement li rafreschi.
2593 1645 3363 1754 Apres alerent oir messe. si ceinst
2593 1718 3381 1845 messires Gau. au uallet s espee ⁊ chal
2593 1808 3372 1931 ca le destre esperon si come il estoit
2588 1890 3345 2008 costume. mes ancois li demanda
2593 1985 3354 2108 son non. Et cil li dist qe il auoit
2588 2062 3322 2176 a non helains de taningues.
2579 2148 3400 2262 Et qͣnt il li ot donee l ordre de che-
2588 2234 3413 2348 ual◌̾ie si com droiture requiert;
2579 2316 3404 2425 ⁊ il orent oi le seruise. si demande
2584 2393 3486 2506 messires ses armes. Et li noueaus. Gau.
2588 2466 3345 2597 cħrs li requiert que il remaigne
2593 2561 3359 2679 tant que il soit un pou respassez
2597 2648 3359 2760 mes il ne li uelt otroier. ⁊ il le prie
2588 2729 3372 2846 tant qe a force le retient iusqu a
2584 2810 3327 2933 pres maingier. Et qͣnt il ont
2588 2896 3390 3019 maingie; si n i ot plus mestier pro-
2584 2987 3368 3091 iere. car il demande ses armes por
2588 3060 3345 3177 aler s en. Et li noueax cħrs uient
2570 3150 3372 3264 a lui si li dit. Sire fet il uos en iroiz.
2574 3227 3322 3354 si me dites ur̃e plaisir. ⁊ qe dirai
2565 3318 3372 3445 ge de uos a madame qnͣt l en saura
2574 3390 3332 3513 que uos m auez fet cħr. ⁊ as autᵉs
2570 3481 3327 3608 qui m en demanderont. Se ur̃es
2584 3572 3363 3694 plaisirs estoit ge uoldroie bien sa-
2584 3653 3359 3758 uoir uostre non. si en seroit mis co-
2579 3730 3368 3839 ers plus a ese. Tot seurement fet il
2570 3817 3354 3944 ele dites a toz cels qui le uos demã-
2561 3898 3400 4021 deront; que Gau. li nies lo roi artus
2574 3984 3359 4107 uos a fet cheualier. Et qͣnt he-
2584 4084 3322 4202 lains l entent si a si gͣnt ioie q̃
2565 4166 3386 4342 greignor ne peust auoir. ⁊ dit qe
