4080 5440
852 412 1668 689 ers. Apres se fet li cħrs desceindre une
852 643 1700 775 espee que il auoit ceinte aueqes la soe
852 743 1700 865 si la rent a estor. ⁊ dit qe li cħrs la li en
852 826 1713 942 uoie por ce q̃ il la cuide molt bien auoir
865 909 1690 1056 emploiee ⁊ sachiez fet il que il la uos
865 992 1718 1128 enuoie por tele come il set q ele uos co-
879 1092 1695 1224 uient. ⁊ come cil qui esprouee l a. car
870 1178 1740 1305 autrement ne la uos enuoiast il pas.
870 1273 1722 1391 ⁊ si me ꝯmanda que ge uos deisse; qe
874 1360 1727 1473 a preudome uauassor doit l en enuoi
874 1437 1700 1559 er prison. ⁊ a preude bacheler errãt
874 1518 1713 1650 doit l en enuoier armes. Mout font
879 1591 1722 1740 gͣnt ioie entre le seneschal ⁊ hestors;
888 1681 1727 1813 li uns de son pͥson; ⁊ li autre de s espee.
897 1786 1727 1894 ne ne seueut qui cil est qui lor enuo-
893 1849 1727 1999 ie. Coment; fet la roine au cheuał
893 1940 1758 2067 blecie; ⁊ a la dame de rohestoc q enuoie
902 2026 1768 2148 il dons. Par foi dame fet li cħrs il me
902 2124 1731 2239 dist qe il li auoit enuoiez dous cħrs
902 2198 1727 2330 segurades ⁊ son neuou; autresi cõ
911 2293 1736 2416 me ele li dona dous dons. une ceinte
906 2368 1754 2493 ⁊ un fermaill. ⁊ por ce qͥl ne uelt mie
911 2452 1754 2579 q ele soit deceue de lui; li mande il par-
929 2543 1740 2665 moi qu il ne tient mes ses drueries. an
915 2615 1745 2751 cors les a donees a une des plus uaillanz
924 2720 1731 2842 puceles que il onqᵉs ueist. car il nes a
933 2801 1740 2910 uoit prises se por remenbrance non de
924 2874 1740 3010 li. ⁊ il li est auis que il ne se meffet
924 2960 1740 3078 par s il l oblie puis q ele l oblia auant
924 3050 1754 3159 Et qͣnt la dame l ot si se pasme. car ce
929 3128 1754 3250 estoit la riens que ele onqes eust plꝰ
929 3223 1758 3336 amee qe le cħr. si sauoit bien que or
933 3304 1672 3422 l auoit ele perdu a toz iorz mes.
861 3318 974 3712 M
1065 3390 1768 3506 intenant cort la roine ⁊ dames
1074 3481 1754 3604 ⁊ damoiseles assez. si la traient en
942 3563 1727 3690 une chambre qe li comuns des genz
947 3660 1790 3771 ne la ueissent. ⁊ qͣnt ele fu reuenue
938 3726 1781 3853 de pasmoisons; si l apele la reine pͥ-
956 3821 1786 3944 ueement. ⁊ li demande ꝰme cele qui
952 3903 1749 4025 toz les biens sauoit; se ele aime le
961 3989 1781 4129 cħr. Dame fet ele oil ge nel uos celero
965 4075 1763 4197 ie pas. mes onqes tant come ge le ui
974 4170 1767 4279 riens nel prisai. ⁊ puis que ge l oi per
970 4245 1781 4352 du si m est el cuer entree une si gͣnt am;
970 4320 1763 4483 qe dire nel uos sauroie. ⁊ chascun ior
1817 448 2633 652 croist ⁊ enforce. ⁊ sachiez que iames en
1826 616 2638 743 tote ma uie ne serai liee tant q̃ me
1831 702 2638 847 ge le uoie. si uos pri por deu come ma
1836 793 2620 924 dame que uos metez force en ce qe
1822 884 2638 1024 hestors laisse querre se uos me uolez
1831 970 2652 1101 ma uie sauuer; Et lors li est cha
1845 1065 2670 1192 ue as piez. tot em plorat. Et la ro-
1845 1151 2624 1282 ine l en relieue. ⁊ puis uient hors
1831 1246 2670 1373 de la chambre si apele la niece al naĩ
1836 1350 2665 1459 ⁊ li dit qu il couient qe ele face aler
1840 1414 2674 1541 hestor en cele qeste ⁊ q ele l em prit.
1836 1500 2683 1627 Et cele dit que ia diex ne li ait au ior
1849 1582 2674 1704 que ele li priera ne ꝰmandera. mes
1858 1677 2647 1795 s il i uelt aler ele l otroie bien sanz
1854 1754 2642 1881 maleuoillance. Et hestors en est
1854 1835 2642 1962 molt liez. ⁊ dit que il i ira mołt
1867 1935 2654 2053 uolentiers. ⁊ a la damoisele li dit. si
1867 2017 2674 2139 m ait dex del tot ne serai ge mie en
1867 2094 2665 2216 lor liens. ⁊ puis que uos auez la qes-
1872 2171 2679 2302 te creantee g en sui quite. Sui dons
1858 2266 2638 2393 dame fet ele a la roine. M ait dex
1872 2339 2670 2466 oil fet la roine qͣnt il l aura iuree.
1876 2438 2677 2561 Certes fet ele por iurer ne remandra
1872 2506 2679 2642 il mie. ⁊ sache bien que il n i ira pas
1876 2593 2661 2742 sox. car ge m en irai aueqes lui. De
1881 2692 2665 2828 ce se rient totes les dames. ⁊ la tienent
1881 2778 2665 2905 por fole. ⁊ l en chastient. mes chastiz
1890 2865 2665 2982 n i a mestier. car toteuoies uelt aler
1890 2942 2710 3073 aueques lui. Et la roine la tret a cõ-
1894 3037 2670 3155 seil entre li ⁊ la dame de maloaut. ⁊
1894 3127 2656 3241 li dient que dons seroit ele honie
1890 3191 2674 3327 se une mescheance auenoit de lui.
1890 3268 2701 3418 ne iames a nul ior n auroit ioie. qͣr
1890 3367 2706 3499 s il auenoit fet la roine qe uns autres
1894 3449 2710 3585 cħrs conqueist hestor. il uos prẽdro-
1899 3546 2720 3658 it. ⁊ feroit de uos sa uolente. mielz uꝰ
1899 3622 2724 3744 uendroit il auoir ur̃e ami sain ou
1899 3703 2697 3835 mehaignie; car maint preude cħr
1899 3789 2692 3907 ont este mene iusq a outrance; qui
1908 3880 2710 3989 encore sunt preudome ⁊ henore.
1904 3966 2706 4080 Et ele dit q apres la mort son ami;
1913 4052 2692 4166 ne queroit ele ia uiure. ⁊ ne porqͣnt
1904 4120 2706 4261 tant li dient; que ele se tient a la re-
1908 4206 2706 4338 masance molt dolente ⁊ molt es-
1913 4293 2724 4438 bahie. ⁊ ia sont a hestor ses armes apor-
2765 376 3597 657 tees si s arme tot fors de son chief ⁊
2783 602 3554 748 de ses mains. Lors fet la reine aporter
2778 689 3567 820 les sainz. si uet li aferes iusqe deuãt
2783 770 3526 933 lo roi. Et la roine li conte tot de chief
2778 897 3531 1020 en chief en qel maniere hestors en
2788 980 3232 1079 uet en la qeste ⁊ por coi
2919 1080 3558 1205 pres s agenoille hestors par le cõ
2914 1151 3549 1282 mandement lo roi deuant les
2792 1224 3554 1360 sainz; si iure ce que li rois li deuise
2801 1341 3545 1459 si come a cel tens estoit costume. qe
2801 1414 3563 1541 il querroit le cħr tant come une qes-
2810 1509 3545 1622 te deuoit durer. c estoit un an ⁊ un
2810 1579 3567 1704 ior. ⁊ qu il ne reuendroit sanz le cħr
2815 1672 3560 1790 ou sanz ueraies enseignes de lui par
2806 1753 3554 1872 coi l en sauroit qu il l auroit troue. ⁊
2819 1845 3563 1958 que de chose qui li auenist en la qeste
2828 1917 3549 2035 ne mentiroit au suen escient ne por
2815 2003 3590 2117 sa honte courir; ne por s enor en auan
2810 2076 3576 2203 cier. Itel serement iuroient tuit cil
2815 2153 3572 2289 qui en qeste aloient au tens qe les m◌̾
2815 2239 3585 2370 ueillouses auentures auenoient
2819 2334 3558 2457 el roiaume de logres; si come uos
2824 2416 3526 2534 auez autre foiz oi en cest conte.
2824 2493 3567 2624 Qant hestors ot iure si arma son
2824 2579 3572 2710 chief ⁊ ses maĩs. ⁊ la pucele qͥ s amie
2824 2665 3576 2801 estoit fet tel duel q̃ riens ne la poet
2824 2742 3558 2883 conforter. si l a la dame de maloalt
2824 2833 3563 2969 enserree en une chambre. por ce qe
2842 2905 3572 3037 totes les genz ne ueissent le duel
2849 3019 3214 3128 que ele maine.
2810 3046 2933 3274 L
2946 3100 3585 3209 ors prent hestors del roi congie
2966 3179 3583 3309 si s en uient par la roine. ⁊ la ꝯ
2846 3258 3604 3390 mande a deu toz armez neis del hi
2846 3329 3581 3472 aume; porce qe ele ne autres ne ueist
2846 3418 3576 3567 les lermes qui des ielz li chient. si
2860 3499 3604 3640 s agenoille devant li. ⁊ li crie por deu
2844 3579 3604 3735 merci de sa damoisele. Et la roine
2846 3662 3608 3808 le uoit angoissox si li dit por lui es-
2842 3744 3604 3889 leecier qe ne s esmait il mie. car se
2846 3825 3599 3984 il le fet bien en ceste qeste; ele li pͣ
2842 3923 3585 4061 met la compaignie de cels de la ta
2846 3998 3608 4152 ble reonde. ⁊ entretant fet ele uos
2856 4085 3633 4225 retieng ge de la moie maisniee. Itex
2874 4152 3599 4290 estoit la costume de la meson lo roi
2856 4252 3594 4406 artur. que nus cħrs tant fust
2747 1072 2891 1323 A
