4080 5440
834 412 1695 661 toz ses desirriers li auoit dex donez
838 616 1690 743 a une foiz ne ore n a il mie peor que
840 717 1720 825 il proudom se noit. qͣnt il est cħrs
847 806 1663 929 par la main au plus preudome del
847 865 1668 1024 monde. Sire fet il ge sai bien qᵉ ge
852 961 1668 1101 ne uos retendroie mie longuemẽt
852 1055 1696 1192 ce pose moi. mes por deu le p̃mier dõ
852 1148 1690 1282 que ge uos reqerrai apres ma che-
861 1219 1695 1364 ualerie me donez que uos me les-
856 1319 1690 1441 siez les armes que uos auez aportees
856 1408 1704 1527 de rohestoc. ⁊ uos emportez les moies
870 1482 1641 1618 qui mout sunt buenes ⁊ beles. si
870 1577 1704 1687 me tesmoigneront les uoz que cheua
872 1682 1695 1795 lier m auroit fet. ne uos ne me porri
874 1749 1678 1876 nule riens doner cui ge amasse autᵉ
872 1840 1601 1957 tant. Et messire Gau. li otroie.
1033 1922 1668 2044 ors furent aportees les armes
1006 1990 1654 2126 helain. si estoit li haubers un
884 2089 1654 2214 des meillors que messires Gau. eust
884 2162 1690 2302 onqes ueu. ⁊ li escuz toz blans ꝯme
884 2253 1681 2384 nois. si come a cel tens estoit costu
888 2352 1704 2475 me. q̃ cħrs noueax portoit escu d un
893 2429 1718 2556 seul taint le premier an que il erroit.
884 2516 1681 2638 Et li hiaumes estoit ⁊ biaux ⁊ buẽs
884 2611 1663 2715 si fu missire Gau. mout bien armez
874 2692 1700 2801 des armes. ⁊ molt li sistrent. ⁊ il ot sa
897 2765 1713 2892 corroie ⁊ o son fermail oste. qe la dame
884 2860 1695 2982 de rohestoc li auoit donee. si apele la
874 2933 1709 3069 damoise qui de ses plaies l auoit ale-
893 3005 1745 3164 gie: si les li done. ⁊ dit tenez damoisele;
897 3105 1700 3241 ce que madame de rohestoc me dona
902 3205 1686 3322 par druerie. buene ⁊ ge par buene
897 3277 1677 3418 druerie les uos redoĩg. ⁊ cele les
888 3359 1754 3504 prent ⁊ molt l en mercie. Lors demã-
884 3460 1740 3590 de messires Gau. son cheual ⁊ l en li a
888 3540 1740 3658 meine. puis est montez si les  ꝯmã-
888 3622 1709 3749 de toz a deu. ⁊ dit a la pucele que biẽ
906 3717 1713 3839 sache ele qu il est ses cħrs. ⁊ sera tote
902 3787 1695 3916 s aige. ⁊ cele en a molt gnͣt ioie. Lors
906 3889 1731 4016 fu apareilliez uns cheuax. si monta
915 3980 1722 4093 heleins por conuoier monseigneur
920 4061 1681 4179 Gau. Et qnͣt il l ot conuoie une
909 4143 1736 4279 gͣnt piece; si passa messires Gau. sa
946 4234 1735 4329 uerne por aler par la terre de nor-
929 4320 1736 4497 gales par ou heleins li dist que la
1817 448 2624 639 droite uoie estoit a aler en sore-
1817 607 2606 729 lois.⁊ lors se parti helein de lui. si
1826 698 2629 829 s entrecomandent a deu. si s en repa
1822 784 2638 911 ire helain a son ostel. si mande hele-
1826 879 2588 992 ins ses amis ⁊ ses uoisins por fere
1817 956 2597 1074 ioie de s enor. si lor conte come dex
1822 1051 2624 1178 li a totes ses ioies rendues ⁊ enuoiees.
1822 1137 2629 1255 ⁊ que ce fu messires Gau. en tel io-
1813 1219 2615 1337 ie ⁊ en tel feste demorerent dous
1822 1296 2624 1418 iorz ensemble. ⁊ au tierz ior s en uet
1826 1387 2629 1509 helains a rohestoc. mes il n i troua
1822 1464 2629 1586 mie de la dame ainz li dist l en q̃
1831 1564 2593 1681 ele s en uet a la cort lo roi artur. ⁊
1822 1637 2642 1763 est meue dous iorz a. Et qͣnt il l ot
1836 1741 2650 1845 si s en retorne a taningues sõ chas-
1831 1817 2633 1931 tel. Mes or se test ici endroit li con
1836 1904 2624 2017 tes de lui. ⁊ retorne a parler de la
1836 1981 2262 2126 dame de rohestoc.
2223 2021 2624 2185 R dit li contes qe
2212 2153 2642 2289 la dame de rohestoc
2216 2234 2620 2357 s en ua a la cort lo
2194 2339 2629 2448 roi artur entre li
2225 2420 2602 2525 ⁊ sa compaignie
1843 2497 2620 2642 si cheuauchent tant que el troe-
1845 2588 2661 2720 ue lo roi a quampercorentin. si la re-
1854 2670 2687 2788 coient li rois ⁊ la roine a molt gͣnt
1849 2756 2641 2883 ioie: car molt estoit haute feme.
1836 2833 2638 2969 Et la nuit apres soper furent en
1854 2919 2674 3046 tre lo roi ⁊ la roine ⁊ la dame de rohes-
1845 3010 2670 3128 toc assis en une couche. si li demande-
1858 3096 2642 3218 rent quel besoign ele auoit eu qui
1854 3177 2670 3309 de si loig estoit a cort uenue. Et ele
1858 3264 2606 3381 lor en dit la uerite. Sire fet ele cil
1849 3345 2670 3463 cħrs la me guerroia si li mostre segu
1854 3431 2638 3563 rades. ⁊ li deuise por coi. ⁊ lor couenã-
1849 3513 2615 3635 ces. L autrier fet ele si m amena
1863 3590 2602 3721 canins li nains qui la est un cħr
1863 3690 2647 3794 a cui il dist totes les hontes que l en
1863 3771 2642 3898 porroit a home dire. Icil cħrs se con-
1863 3857 2656 3989 bati a segurades por moi; tant qe il
1867 3953 2647 4070 l outra. ⁊ par ce oi ge mes couenan
1867 4039 2620 4152 ces aquitees. ⁊ qnͣt ge le ui conqͥs
1863 4120 2633 4234 si en oi si gͣnt ioie qe ge en obliai le
1861 4208 2652 4324 cħr qui conqͥs l auoit. ⁊ il s en ala si
1863 4284 2638 4451 que ge ne nus de ma gent ne seus-
2760 435 3540 675 mes que il deuint. si sai bien qe ce
2760 628 3522 752 fu por la honte qe li nains li dist. si
2769 689 3495 838 sui ca uenue por oir en aucunes en
2774 775 3504 920 seignes. car caienz reperent tuit
2778 892 3569 1010 li preudome: Lors li demande la roine
2771 956 3531 1088 l estre ⁊ le contenement del cħr ⁊ son
2783 1050 3522 1178 semblant. Et qͣnt ele li a deuise;
2778 1128 3522 1269 si li dit la roine. Certes fet ele ge ne sai
2769 1205 3508 1350 qui il puet estre. se ce n est messires
2783 1301 3508 1423 Gau. car il est partiz de caienz molt
2788 1387 3490 1514 gͣnt pieca. ⁊ quiert un des preudo-
2778 1468 3536 1582 mes del monde soi uintisme de cħrs.
3522 1350 3599 1591 plus
2774 1551 3521 1663 Dex; fet la dame de rohestoc se ce est
2788 1632 3526 1754 messires Gau. donc sui ge honie. qͣr
2792 1718 3508 1836 onqes henor ne li fis. ⁊ ge uoudroie
2788 1808 3531 1922 mielz estre morte. Li rois ne la roine
2788 1885 3549 2012 ne la seuent de plus assener. si en les-
2797 1972 3508 2085 sent la parole atant. si s en uet la
2778 2049 3522 2176 dame ⁊ sa compaignie a son ostel;
2788 2139 3517 2266 por reposer; car molt ert lasse. Et
2783 2221 3513 2348 canins li nains prie au seneschal
2801 2325 3526 2438 en cui garde il est que il li face com
2783 2407 3517 2534 paignie tant que il ait parle a la
2797 2484 3508 2611 roine. ⁊ cil si fet qui molt est pᵉu-
2783 2570 3545 2688 dome ⁊ sages. Atant uienent an
2792 2664 3536 2778 dui deuant la reine. si li crie li naĩs
2794 2729 3531 2860 merci. ⁊ si li dit. Ha; dame por deu
2801 2816 3585 2942 conseilliez ⁊ secorez. car en uos est moi
2801 2896 3526 3019 toz li secors; ⁊ li conselz. Et la roine
2790 3001 3152 3115 demande de coi.
2771 3085 2947 3271 D
2951 3074 3522 3192 ame fet il ge sui li nains qui
2942 3146 3499 3286 menaz a ma dame le cħr qͥ sa
2792 3235 3540 3345 bataille uainqͥe. si cuidai sanz faille
2792 3309 3567 3449 que ce fust li plus malues cħrs del mõ-
2797 3412 3536 3536 de; si le rampognai par le semblant
2797 3481 3540 3622 qe il fesoit de maluestie. ore si dit ma
2783 3554 3531 3721 dame que ele l a perdu par moi. ⁊ dit
2792 3644 3536 3794 que ele l ira querant par totes les
2797 3726 3540 3885 terres. si me menra auec li. ⁊ atoz
2801 3803 3554 3966 cels que ele enconterra me fera re
2788 3902 3545 4064 garder en gͣnt honte. car ge aurai
2797 3989 3563 4138 un cheuestre lie entor le col; ⁊ a la coe
2797 4081 3531 4202 de son palefroi. ⁊ autresi en totes
2806 4134 3563 4290 les uiles ou ele uendra. ⁊ einsi m a
2792 4234 3563 4433 ele amene puis que ele mut de son
861 1932 1006 2119 L
1791 2065 2165 2553 O
