4080 5440
825 2368 976 2622 H
2769 389 3513 657 ne la uoit si la uelt molt henorer;
2778 597 3504 752 por ce qe ele set gͣnt partie de la me
2783 684 3526 834 saise que ele a. si la prent entre ses
2778 784 3517 924 braz si li dit: Damoisele or ne uos
2778 870 3517 1015 esmaiez mie. mes confortez uos
2778 974 3522 1106 car se deu plest uos auroiz par tens
2783 1060 3531 1192 mielz que li cuers ne uos dit. Atãt
2783 1137 3522 1269 s est la pucele assise. si li reprie la roi
2788 1228 3545 1360 ne que ele lest aler hestor en la qeste
2783 1314 3531 1441 por la deliurance son oncle. mes ele
2783 1405 3173 1527 ne li puet metre.
2774 1492 2878 1674 A
2883 1496 3540 1609 cez paroles entra laienz uns
2878 1573 3513 1695 cħrs armez de totes armes. ⁊
2783 1650 3545 1777 auec lui une damoisele molt bele. si
2797 1736 3554 1863 portoit la damoisele un escu a son col
2797 1826 3526 1944 ce desoz deseure car li cħrs nel pooit
2801 1904 3517 2021 porter. car il auoit le braz senestre
2810 1999 3549 2112 bruisie entre la main ⁊ le cote ⁊ si l a
2806 2085 3549 2198 uoit lie d asteles au mielz que il po-
2801 2166 3545 2280 oit. ⁊ parmi totes les asteles auoit
2806 2253 3545 2375 tel dolor des os qui hurtoient en
2806 2339 3540 2470 semble; qe por un pou qe il ne se pas
2792 2425 3549 2543 moit. Li cħrs descendi enmi la cort
2797 2501 3558 2638 si fu assez qui li aida. ⁊ a la damoise-
2797 2588 3549 2706 le autresi. Et qͣnt il furent descen
2797 2665 3576 2801 du si demanda li cħrs ou la reine es-
2806 2764 3576 2874 toit.⁊ il fu assez qui lor enseigna. qͣr
2810 2832 3576 2964 il coroient tuit entor els por ueo-
2801 2912 3545 3046 ir le cħr blecie ⁊ por ueoir la damoi
2806 2996 3576 3128 sele a l escu. Qant il furent deuant
2806 3073 3572 3218 la reine; si la salue li cħrs tot p◌̾mie-
2810 3163 3585 3300 rement ⁊ dit. Dame fet il saluz uos
2810 3241 3599 3377 mande uns cħrs qui molt uos aime
2810 3333 3549 3477 plus; que uos ne fetes lui. ⁊ si uos
2815 3413 3558 3540 mande que uos li feistes ia une ser-
2810 3499 3545 3635 uise demi; que uos li peussiez bien
2810 3578 3553 3726 auoir fet tot entier. ⁊ por ce uelt il q̃
2814 3658 3571 3794 uos sachiez qu il ne uos en doit que
2824 3741 3581 3880 demi gerredon. ⁊ il le uos rendra el
2815 3817 3576 3971 premier leu qe il uendra del guerre-
2810 3915 3554 4043 doner. Lors ꝯmenca la reine a pen
2815 3984 3585 4134 ser. ⁊ puis demande au cħr qui li
2815 4057 3581 4216 cħrs estoit qui ce li mandoit. ⁊ il res-
2815 4138 3581 4291 pont qu il ne sauoit cui. mes einsi
2819 4220 3590 4349 fet il me comanda qe gel deisse. ⁊ qe
847 435 1668 661 fet la roine que uos n en facoiz ia riẽs
838 621 1672 748 se par force non car toteuoies le fero
843 702 1645 847 iz uos; mes qe bien uos ennuit ⁊
847 802 1700 938 griet. Certes fet ele or i parra. Atant
861 888 1659 1015 se lieue. Et la roine dit a la dame
856 970 1645 1106 de rohestoc si chier come ele a son
856 1047 1704 1201 cors qe cele n ait baillie de rien qͥ
865 1156 1641 1282 soit en son pooir; sor le serement
856 1248 1709 1360 ⁊ sor la fiance que le doit au roi artꝰ
865 1319 1695 1450 cui feme ele est. Et la dame li otroie
865 1418 1668 1550 a semblant de corrociee. mes liee en
861 1496 1690 1622 est. Apres le redit la roine au naĩ
861 1586 1677 1709 qui de tot est saisiz. si em prent le
879 1672 1690 1795 serement. ⁊ dit que se il se pariuroit
879 1749 1672 1885 bien le sache il que ele l atorneroit
870 1840 1736 1972 tel qu il ne li remandroit roie de ter-
874 1922 1681 2044 re: Atant s en ist la damoisele de la
884 2012 1713 2135 chambre mout corociee. si plore trop
874 2094 1722 2216 durement. si encontre hestor son a
888 2180 1700 2307 mi en son uenir qui li demande que
893 2280 1695 2407 e a. ⁊ ele ne li uelt dire. fors tant qe
879 2357 1627 2506 a soi meesmes dit tot en alant;
992 2438 1686 2556 a; lasse cõ m a deceue cele qͥ tot
1020 2534 1704 2656 le mont decoit. ne plus n em
893 2611 1731 2742 poet traire hestors por nule pͥere q̃
902 2706 1677 2824 il li face. si la suit en ceste maniere
893 2789 1727 2910 iusq a l ostel. ⁊ ele s est couchiee en u
893 2867 1731 2983 ne couche. ⁊ fet tel duel que nus n ẽ-
893 2959 1731 3060 puet parole trere. Qant hestors uoit
893 3028 1736 3150 qe ele ne li dira l acheson de son duel;
893 3109 1736 3236 si uient au nain ⁊ li demande qe ce est.
888 3200 1722 3327 Et li nains l en conte la uerite. ⁊ le
902 3291 1700 3413 serement q ele a fet. Ha; por deu fet
897 3363 1736 3513 hestors alons a li. ⁊ si li priez qe ge i a-
902 3473 1712 3585 ille. car tot sanz son comandemẽt
906 3540 1686 3676 i iroie ge ancois que ele em perdist
920 3635 1695 3758 sa terre; se ge n en cuidoie auoir sa
911 3703 1731 3848 haine. ⁊ ge uos pri por ur̃e preu ⁊
911 3794 1758 3916 por le suen que uos li priez autresi
920 3862 1758 4002 come ge ferai q ele sueffre que ge i ail
920 3963 1695 4084 le par sa priere. por ce qe la reine le
938 4048 1731 4170 uelt einsi. ⁊ ele m em priera puis qe
920 4138 1713 4265 ge le uoil si con ge cuit. Et li nains
938 4216 1713 4338 dit qu il est prez qe il l en chient an
938 4306 1731 4474 dui au pie. mes ge la sai fet il tant
1804 457 2638 625 a felenesse qe a gͣnt peine le fera pu
1819 602 2593 738 is q ele si est ahurtee. Ce essaierons
1808 711 2194 811 nos fet hestors.
1760 804 1948 1030 A
1944 783 2611 911 tant uienent andui a l ostel
1958 870 2593 1001 a la damoisele; si s agenouillẽt
1799 965 2638 1083 deuant le lit ou ele gist molt dolen-
1817 1056 2620 1187 te: ⁊ li prient por deu que ele le uoille
1817 1151 2624 1273 qe hestors aille en ceste qeste. Fi; fet
1813 1219 2670 1355 ele au nain. auez me uos por ce fet de-
1813 1305 2674 1441 ceuoir a la roine: certes ia preu n i a
1822 1387 2674 1527 uroiz. car ia au ior ne m ait dex qnͣt
1822 1505 2670 1609 ia hestors en aura ne pͥere ne c̃omã-
1831 1577 2615 1695 dement par moi. ⁊ se il i aloit sanz
1836 1669 2656 1786 mon congie; il ne me reuerroit ia
1831 1749 2665 1854 mes uiue ce sache il por uoir. ⁊ se il
1826 1826 2665 1940 me reueoit; ne me uerroit il iames
1831 1904 2670 2035 soe. Et qͣnt il l oent si en sont ambe-
1822 1994 2665 2121 dui mout a malese: si s em part li ne-
1836 2085 2665 2198 ins. ⁊ uient arrieres a sa dame de-
1831 2166 2661 2293 uant la reine. ⁊ lor conte le duel qe
1836 2257 2674 2389 sa niece fet. ⁊ dit qe ia a nul ior hes-
1845 2343 2620 2466 tors n en aura son ꝰmandement
1836 2435 2665 2543 ne sa priere. ⁊ s il i uet sanz son cõgie;
1845 2525 2652 2647 il ne la reuerrai iames. Et qͣnt la
1840 2597 2624 2729 reine l ot si l em prent molt gͣnz
1854 2692 2642 2815 pitiez a son cuer; car bien set que
1849 2765 2679 2895 gnͣt angoisse a la damoisele an su
1858 2851 2642 2969 en. si l enuoie querre par la dame de
1847 2933 2656 3064 maloaut. ⁊ par dous de ses cħrs. ⁊
1854 3014 2665 3141 prie a cele de maloaut que molt du
1858 3100 2661 3218 rement li mete en conseil; que ele
1854 3177 2665 3322 lest aler hetor en la qeste del cħr.
1863 3273 2674 3400 car il n i demorera mie. Certes da
1863 3367 2679 3472 me fet li nains il i alast molt uolẽ-
1876 3445 2683 3567 tiers s ele ne li eust deffendu. mes
1867 3526 2615 3649 il l aime ⁊ dote sor tote rien. Lors
1858 3604 2665 3730 uet la dame de maloaut parler
1858 3690 2688 3808 a la damoisele. si la meine a la roi
1876 3773 2650 3894 ne molt angoisseuse. ⁊ li pͥe młt
1876 3861 2656 3984 qe ele face aler hestor en la qeste del
1876 3948 2656 4075 cħr qui segurades conquist. ⁊ li dit
1876 4034 2670 4138 qu il ne demorera mie granment.
1867 4116 2656 4225 Et cele ne li otroie ne contredit.
1872 4194 2692 4301 mes toteuoies escoute. Einsi ui-
1885 4270 2679 4429 enent iusq a la cort. Et qͣnt la rei
